@book{harris,
	title      = {Trading and Exchanges: Market Microstructure for Practitioners},
	author     = {Harris, Larry},
	isbn       = {0195144708},
	year       = {2002},
	publisher  = {Oxford University Press}
}


@book{jaksa,
	title      = {Introduction to the Economics and Mathematics of Financial Markets},
	author     = {Cvitanic, Jaksa and Zapatero, Fernando},
	isbn       = {0262033208},
	year       = {2004},
	publisher  = {MIT Press}
}

@book{luis_proba,
	title = {Curso Intermedio de Probabilidad},
	author = {Rinc\'on, Luis},
	year = {2007},
	publisher = {Facultad de Ciencias UNAM}
}


@book{kozy,
	title      = {Finanzas Internacionales},
	author     = {Kozikowski, Zbigniew},
	isbn       = {6071509777},
	year       = {2013},
	publisher  = {McGraw Hill}
}


@book{hull,
	title      = {Options Futures and Other Derivatives},
	author     = {Hull, John C.},
	isbn       = {0133456315},
	year       = {2014},
	publisher  = {Prentice Hall/Pearson}
}


@book{cnbv1,
	title  = {Glosario de T\'erminos Portafolio de Informaci\'on}, 
	author = {Comisi\'on Nacional Bancaria y de Valores},
	url    = {http://portafolioinfdoctos.cnbv.gob.mx/Documentacion/minfo/00_DOC_R1.pdf},
}


@misc{sec_bonds,
	title    = {What are Corporate Bonds?},
	author   = {Office of Investor Education and Advocacy},
	url      = {https://www.sec.gov/investor/alerts/ib_corporatebonds.pdf},
	note     = {SEC Pub. No. 149}
}

@book{shprob,
	title      = {Probability-1},
	author     = {Shiryaev, Albert N.},
	isbn       = {038772205X},
	year       = {2016},
	publisher  = {Springer}
}

@misc{onesimo,
	title = {Probabilidad y Procesos Estoc\'asticos},
	author = {Hern\'andez-Lerma, On\'esimo},
	month = {September},
	year = {2009}
}

@misc{applebaum,
	title  = {Lecture Notes in Measure and Probability},
	author = {Applebaum, Dave},
	year = {2016},
	publisher = {University of Sheffield}
}

@book{shreve,
	title = {Stochastic Calculus for Finance II},
	author = {Shreve, Steven},
	isbn = {9780387401010},
	year = {2004},
	publisher = {Springer-Verlag New York}
}

@book{oksendal,
	title = {Stochastic Differential Equations: An Introduction with Applications},
	author = {{\O}ksendal, Bernt},
	isbn = {9783642143946},
	year = {2003},
	publisher = {Springer-Verlag Berlin Heidelberg}
}

@book{isci,
	title = {Investment Science},
	author = {Luenberger, David G.},
	isbn = {978-0199740086},
	year = {1998},
	publisher = {Oxford University Press}
}

@book{baxter,
title = {Financial Calculus: An Introduction to Derivative Pricing},
author = {Baxter, Martin and Rennie, Andrew},
isbn = {0521552893},
year = {1996},
publisher = {Cambridge University Press}
}

@misc{fairchild,
	title = {Approximation by Simple Functions},
	author = {Fairchild, Michael},
	url = {http://www.mikef.org/files/SimpleApproximation.pdf},
	year = {n.d.}
}

@misc{haijun,
	title = {An Introduction to Stochastic Calculus [Slides]},
	author = {Li, Haijun},
	url = {http://www.math.wsu.edu/math/faculty/lih/SDE-week5.pdf},
	year = {n.d.},
	publisher = {Department of Mathematics, Washington State University}
}

@misc{cosma,
	title = {Stochastic Processes (Advanced Probability II) [class Handout]},
	author = {Shalizi, Cosma},
	url = {http://www.stat.cmu.edu/~cshalizi/754},
	year = {2007},
	publisher = {Carnegie Mellon University}
}

@misc{kohn,
	title = {PDE for Finance},
	author = {Kohn, Robert V.},
	url = {http://www.math.nyu.edu/faculty/kohn/pde_finance.html},
	year = {2015},
	publisher = {Courant Institute, New York University}
}

@misc{nielsen,
	title = {Levy's Characterization of Brownian Motion},
	author = {Nielsen, N.J.},
	url = {http://imada.sdu.dk/~njn/MM24/levy.pdf},
	year = {n.d.},
}

@ARTICLE{black-scholes,
title = {The Pricing of Options and Corporate Liabilities},
author = {Black, Fischer and Scholes, Myron},
year = {1973},
journal = {Journal of Political Economy},
volume = {81},
number = {3},
pages = {637-54},
url = {http://EconPapers.repec.org/RePEc:ucp:jpolec:v:81:y:1973:i:3:p:637-54}
}