@book{harris,
	title      = {Trading and Exchanges: Market Microstructure for Practitioners},
	author     = {Harris, Larry},
	isbn       = {0195144708},
	year       = {2002},
	publisher  = {Oxford University Press}
}

@book{jaksa,
	title      = {},
	author     = {Harris, Larry},
	isbn       = {0195144708},
	year       = {2002},
	publisher  = {Oxford University Press}
}
